
@article{andridge2010review,
  title={A review of hot deck imputation for survey non-response},
  author={Andridge, Rebecca R and Little, Roderick JA},
  journal={International statistical review},
  volume={78},
  number={1},
  pages={40--64},
  year={2010},
  publisher={Wiley Online Library}
}

@article{becker1988new,
  title={The New S Language. Wadsworth \& Brooks/Cole},
  author={Becker, RA and Chambers, JM and Wilks, AR},
  journal={Computer Science Series, Pacific Grove, CA},
  year={1988}
}

@manual{dowle2022datatable,
  title = {data.table: Extension of `data.frame`},
  author = {Matt Dowle and Arun Srinivasan},
  year = {2022},
  note = {R package version 1.14.6},
  url = {https://CRAN.R-project.org/package=data.table},
}



@Manual{eastwood2022poorman,
  title = {poorman: A Poor Man's Dependency Free Recreation of 'dplyr'},
  author = {Nathan Eastwood},
  year = {2022},
  note = {R package version 0.2.6},
  url = {https://CRAN.R-project.org/package=poorman},
}

@book{hundepool2012statistical,
  title={Statistical disclosure control},
  author={Hundepool, Anco and Domingo-Ferrer, Josep and Franconi, Luisa and Giessing, Sarah and Nordholt, Eric Schulte and Spicer, Keith and De Wolf, Peter-Paul},
  volume={2},
  year={2012},
  publisher={Wiley New York}
}


@manual{kaminski2022dataframes,
  author       = {Bogumił Kamiński and
                  John Myles White and
                  Milan Bouchet-Valat and
                  powerdistribution and
                  Sean Garborg and
                  Jacob Quinn and
                  Simon Kornblith and
                  cjprybol and
                  Alexey Stukalov and
                  Douglas Bates and
                  Tom Short and
                  Chris DuBois and
                  Harlan Harris and
                  Kevin Squire and
                  Alex Arslan and
                  pdeffebach and
                  David Anthoff and
                  Dave Kleinschmidt and
                  Andreas Noack and
                  Viral B. Shah and
                  Alex Mellnik and
                  Takafumi Arakaki and
                  Tanmay Mohapatra and
                  Peter and
                  Stefan Karpinski and
                  Dahua Lin and
                  Ronan Arraes Jardim Chagas and
                  timema and
                  ExpandingMan and
                  Florian Oswald},
  title        = {JuliaData/DataFrames.jl: v1.4.4},
  month        = dec,
  year         = 2022,
  publisher    = {Zenodo},
  version      = {v1.4.4}
}

@manual{krantz2022collapse,
  title = {collapse: Advanced and Fast Data Transformation},
  author = {Sebastian Krantz},
  year = {2022},
  note = {R package version 1.8.9},
  url = {https://CRAN.R-project.org/package=collapse},
}



@article{kowarik2016imputation,
  title = {Imputation with the {R} Package {VIM}},
  author = {Alexander Kowarik and Matthias Templ},
  journal = {Journal of Statistical Software},
  year = {2016},
  volume = {74},
  number = {7},
  pages = {1--16},
  doi = {10.18637/jss.v074.i07},
}

@article{molina2015sae,
  author = {Isabel Molina and Yolanda Marhuenda},
  title = {{sae}: An {R} Package for Small Area Estimation},
  journal = {The R Journal},
  year = {2015},
  volume = {7},
  number = {1},
  pages = {81--98},
  month = {jun},
  url = {https://journal.r-project.org/archive/2015/RJ-2015-007/RJ-2015-007.pdf},
}


@book{rao2015small,
  title={Small area estimation},
  author={Rao, John NK and Molina, Isabel},
  year={2015},
  publisher={John Wiley \& Sons}
}


@manual{rcore,
  title = {R: A Language and Environment for Statistical Computing},
  author = {{R Core Team}},
  organization = {R Foundation for Statistical Computing},
  address = {Vienna, Austria},
  year = {2022},
  url = {https://www.R-project.org/}
}


@Manual{wickham2022dplyr,
   title = {dplyr: A Grammar of Data Manipulation},
   author = {Hadley Wickham and Romain François and Lionel Henry and Kirill Müller},
   year = {2022},
   note = {R package version 1.0.9},
   url = {https://CRAN.R-project.org/package=dplyr},
}




@article{wickham2011split,
  title={The split-apply-combine strategy for data analysis},
  author={Wickham, Hadley},
  journal={Journal of statistical software},
  volume={40},
  pages={1--29},
  year={2011}
}



