@inproceedings{bantilan2020pandera,
  title={pandera: Statistical Data Validation of Pandas Dataframes},
  author={Bantilan, Niels},
  booktitle={Proceedings of the Python in Science Conference (SciPy)},
  pages={116--124},
  year={2020}
}

@inproceedings{bosch2022quality,
  title = {Quality assurance from an internationally standardized and generic data validation ecosystem},  author = {O. ten Bosch and M.P.J. van der Loo},
  booktitle = {European conference on quality in official statistics},
  address = {Vilnius},
  year    = {2022}
} 


@article{codd1970relational,
  title={A relational model of data for large shared data banks},
  author={Codd, E.F.},
  journal={Communications of the ACM},
  volume={13},
  number={6},
  pages={377--387},
  year={1970},
  publisher={ACM New York, NY, USA}
}

@article{fellegi1976systematic,
  title={A systematic approach to automatic edit and imputation},
  author={Fellegi, Ivan P and Holt, David},
  journal={Journal of the American Statistical association},
  volume={71},
  number={353},
  pages={17--35},
  year={1976},
  publisher={Taylor \& Francis}
}

@book{milewski2019category,
  title={Category theory for programmers},
  author={Milewski, Bartosz},
  year={2019},
  publisher={Bartosz Milewski}
}


@techreport{modernstats2015cspa,
  title = {Common Statistica Production Architecture},
  author = {ModernStats},
  publisher = {UNECE Statistics Division},
  year = {2015}
}


@book{fong2019seven,
  title={An invitation to applied category theory: seven sketches in compositionality},
  author={Fong, B and Spivak, D.I.},
  publisher={Cambridge University Press},
  year={2019}
}


@article{gelsema2012organisation,
  title = {The organization of information in the statistical office},
  author = {T. Gelsema},
  year   = {2012},
  pages  = {413-440},
  volume = {28},
  journal = {Journal of Official Statistics}
}


@inproceedings{loo2015formal,
    title       = {A formal typology of data validation functions}, 
    author      = {M.P.J. van der Loo}, 
    booktitle   = {UNECE Work Session on Statistical Data Editing},
    address     = {Budapest},
    year        = {2015},
    pdf         = {http://www.markvanderloo.eu/files/statistics/WP_5_Netherlands_A_formal_typology_of_data_validation_functions.pdf},
    url         = {http://www.unece.org/stats/documents/2015.09.sde.html}
}  



@inbook{loo2021datavalidation,
  author = {M.P.J. van der Loo and E de Jonge},
  publisher = {American Cancer Society},
  isbn = {9781118445112},
  title = {Data Validation},
  booktitle = {Wiley StatsRef: Statistics Reference Online},
  chapter = {},
  pages = {1-7},
  doi = {10.1002/9781118445112.stat08255},
  url = {https://onlinelibrary.wiley.com/doi/abs/10.1002/9781118445112.stat08255},
  pdf = {loo2020datavalidation.pdf},
  eprint = {https://onlinelibrary.wiley.com/doi/pdf/10.1002/9781118445112.stat08255},
  year = {2020},
  keywords = {data quality, data cleaning}
}

@Manual{loo2022rulemanager,
    title = {rulemanager: an {API} for versioned rule management},
    author = {Mark {van der Loo}},
    year = {2022},
    note = {R package version 0.0.1},
    url = {https://github.com/SNStatComp/rulemanager}
}



@article{loo2021data,
  title = {Data Validation Infrastructure for {R}},
  author = {M.P.J. {van der Loo} and E. {de Jonge}},
  journal = {Journal of Statistical Software},
  year = {2021},
  volume = {97},
  number = {10},
  pages = {1--31},
  doi = {10.18637/jss.v097.i10},
}

@Article{loo2021validate,
  title = {Data Validation Infrastructure for {R}},
  author = {Mark P. J. {van der Loo} and Edwin {de Jonge}},
  journal = {Journal of Statistical Software},
  year = {2021},
  volume = {97},
  number = {10},
  pages = {1--31},
  doi = {10.18637/jss.v097.i10}
}


@Manual{loo2021dcmodify,
   title = {dcmodify: Modify Data Using Externally Defined Modification Rules},
   author = {Mark {van der Loo} and Edwin {de Jonge}},
   year = {2021},
   note = {R package version 0.1.9},
   url = {https://CRAN.R-project.org/package=dcmodify}
 }


@book{loo2018statistical,
  title         = {Statistical data cleaning with applications in R},
  author        = {M.P.J. van der Loo and E. de Jonge},
  publisher     = {John Wiley and Sons, Inc},
  year          = {2018},
  address       = {New York},
  isbn          = {1118897153},
  isbn13        = {978-1-118-89715-7},
  repo          = {https://github.com/data-cleaning/book},
  amazon        = {https://www.amazon.com/Statistical-Data-Cleaning-Applications-R/dp/1118897153},
}

@article{pannekoek2013automated,
  title={Automated and manual data editing: a view on process design and methodology},
  author={Pannekoek, Jeroen and Scholtus, Sander and Van der Loo, Mark},
  journal={Journal of Official Statistics},
  volume={29},
  number={4},
  pages={511},
  year={2013},
  publisher={Statistics Sweden (SCB)}
}

@book{riehl2017category,
  title={Category theory in context},
  author={Riehl, Emily},
  year={2017},
  publisher={Courier Dover Publications}
}

@Manual{rcore,
  title = {R: A Language and Environment for Statistical Computing},
  author = {{R Core Team}},
  organization = {R Foundation for Statistical Computing},
  address = {Vienna, Austria},
  year = {2022},
  url = {https://www.R-project.org/}
}


@techreport{sdmx2015vtl,
  title = {Validation and Transformation Language 2.0},
  author = {SDMX},
  publisher = {SDMX Consortium},
  year   = {2015}
}
@article{scholtus2016generalized,
  title={A generalized Fellegi-Holt paradigm for automatic error localization},
  author={Scholtus, Sander},
  journal={Survey Methodology},
  volume={42},
  number={1},
  pages={1--19},
  year={2016},
  publisher={Statistics Canada}
}



@article{wagner1975extension,
  title={An extension of the string-to-string correction problem},
  author={Wagner, Robert A and Lowrance, Roy},
  journal={Journal of the ACM (JACM)},
  volume={22},
  number={2},
  pages={177--183},
  year={1975},
  publisher={ACM New York, NY, USA}
}
